@article{sorensen:393,
   author = {Jens Norkaer Sorensen and Wen Zhong Shen},
   title = {Numerical Modeling of Wind Turbine Wakes},
   publisher = {ASME},
   year = {2002},
   journal = {Journal of Fluids Engineering},
   volume = {124},
   number = {2},
   pages = {393-399},
   keywords = {wind turbines; wakes; aerodynamics; Navier-Stokes equations; computational fluid dynamics; rotors}
}

@inproceedings{churchfield_large-eddy_2012,
	title = {A Large-Eddy Simulation of Wind-Plant Aerodynamics: Preprint},
	shorttitle = {Large-Eddy Simulation of Wind-Plant Aerodynamics},
	url = {http://www.osti.gov/bridge/servlets/purl/1033443/},
	author = {Churchfield, M. J and Lee, S. and Moriarty, P. J and Martinez, L. A and Leonardi, S. and Vijayakumar, G. and Brasseur, J. G},
	month = jan,
	year = {2012}
},

@article{moeng_large-eddy-simulation_1984,
	title = {A Large-Eddy-Simulation Model for the Study of Planetary Boundary-Layer Turbulence},
	volume = {41},
	issn = {0022-4928, 1520-0469},
	url = {http://journals.ametsoc.org/doi/abs/10.1175/1520-0469%281984%29041%3C2052%3AALESMF%3E2.0.CO%3B2},
	doi = {10.1175/1520-0469(1984)041<2052:ALESMF>2.0.CO;2},
	number = {13},
	urldate = {2012-04-04},
	journal = {Journal of the Atmospheric Sciences},
	author = {Moeng, Chin-Hoh},
	month = jul,
	year = {1984},
	pages = {2052--2062}
},

@article{churchfield_numerical_2012,
	title = {A numerical study of the effects of atmospheric and wake turbulence on wind turbine dynamics},
	url = {http://www.tandfonline.com/doi/abs/10.1080/14685248.2012.668191},
	journal = {Journal of Turbulence},
	author = {Churchfield, Matthew J. and Lee, Sang and Michalakes, John and Moriarty, Patrick J.},
	year = {2012},
	pages = {N14}
},

@article{troldborg_actuator_2008,
	title = {Actuator Line Modeling of Wind Turbine Wakes},
	author = {Troldborg, Niels},
	year = {2008},
	pages = {142}
},

@article{troldborg_actuator_2007,
	title = {Actuator Line Simulation of Wake of Wind Turbine Operating in Turbulent Inflow},
	volume = {75},
	issn = {1742-6596},
	doi = {10.1088/1742-6596/75/1/012063},
	urldate = {2012-04-04},
	journal = {Journal of Physics: Conference Series},
	author = {Troldborg, Niels and Sørensen, Jens N and Mikkelsen, Robert},
	month = jul,
	year = {2007},
	pages = {012063}
},

@inproceedings{lee_atmospheric_2011,
	title = {Atmospheric and Wake Turbulence Impacts on Wind Turbine Fatigue Loading: Preprint},
	shorttitle = {Atmospheric and Wake Turbulence Impacts on Wind Turbine Fatigue Loading},
	url = {http://www.osti.gov/bridge/servlets/purl/1032666/},
	author = {Lee, S. and Churchfield, M. and Moriarty, P. and Jonkman, J. and Michalakes, J.},
	month = dec,
	year = {2011}
},

@techreport{jonkman_definition_2009,
	title = {Definition of a 5-{MW} Reference Wind Turbine for Offshore System Development},
	url = {http://www.osti.gov/bridge/servlets/purl/947422-nhrlni/},
	author = {Jonkman, J. and Butterfield, S. and Musial, W. and Scott, G.},
	month = feb,
	year = {2009}
},

@article{calaf_large_2010,
	title = {Large eddy simulation study of fully developed wind-turbine array boundary layers},
	volume = {22},
	issn = {10706631},
	url = {http://pof.aip.org/resource/1/phfle6/v22/i1/p015110_s1?isAuthorized=no},
	journal = {Physics of Fluids},
	author = {Calaf, Marc and Meneveau, Charles and Meyers, Johan},
	month = jan,
	year = {2010},
	pages = {015110--015110-16}
},

@article{lu_large-eddy_2011,
	title = {Large-eddy simulation of a very large wind farm in a stable atmospheric boundary layer},
	volume = {23},
	issn = {10706631},
	url = {http://link.aip.org/link/PHFLE6/v23/i6/p065101/s1&Agg=doi},
	doi = {10.1063/1.3589857},
	number = {6},
	urldate = {2012-10-04},
	journal = {Physics of Fluids},
	author = {Lu, Hao and Porté-Agel, Fernando},
	year = {2011},
	pages = {065101}
},

@article{porte-agel_large-eddy_2011,
	title = {Large-eddy simulation of atmospheric boundary layer flow through wind turbines and wind farms},
	volume = {99},
	issn = {0167-6105},
	shorttitle = {The Fifth International Symposium on Computational Wind Engineering},
	number = {4},
	urldate = {2012-10-04},
	journal = {Journal of Wind Engineering and Industrial Aerodynamics},
	author = {Porté-Agel, Fernando and Wu, Yu-Ting and Lu, Hao and Conzemius, Robert J.},
	month = apr,
	year = {2011},
	keywords = {Actuator-disk model, Actuator-line model, Blade-element theory, Large-eddy simulation, Wind farm, Wind-turbine wakes},
	pages = {154--168}
},

@article{wu_large-eddy_2010,
	title = {Large-Eddy Simulation of Wind-Turbine Wakes: Evaluation of Turbine Parametrisations},
	volume = {138},
	shorttitle = {Large-Eddy Simulation of Wind-Turbine Wakes},
	doi = {10.1007/s10546-010-9569-x},
	number = {3},
	journal = {Boundary-Layer Meteorology},
	author = {Wu, Yu-Ting and Porté-Agel, Fernando},
	month = dec,
	year = {2010},
	pages = {345--366}
},

@inproceedings{churchfield_large-eddy_2011,
	title = {Large-Eddy Simulation Study of Wake Propagation and Power Production in an Array of Tidal-Current Turbines: Preprint},
	shorttitle = {Large-Eddy Simulation Study of Wake Propagation and Power Production in an Array of Tidal-Current Turbines},
	url = {http://www.osti.gov/bridge/servlets/purl/1018878-8AHUew/},
	author = {Churchfield, M. J and Li, Y. and Moriarty, P. J},
	month = jul,
	year = {2011}
},

@article{sanderse_review_2011,
	title = {Review of computational fluid dynamics for wind turbine wake aerodynamics},
	volume = {14},
	issn = {10954244},
	url = {http://doi.wiley.com/10.1002/we.458},
	doi = {10.1002/we.458},
	number = {7},
	urldate = {2012-04-04},
	journal = {Wind Energy},
	author = {Sanderse, B. and Pijl, {S.P.} and Koren, B.},
	month = oct,
	year = {2011},
	pages = {799--819}
},

@article{wu_simulation_????,
	title = {Simulation of Turbulent Flow Inside and Above Wind Farms: Model Validation and Layout Effects},
	issn = {0006-8314},
	shorttitle = {Simulation of Turbulent Flow Inside and Above Wind Farms},
	url = {http://www.springerlink.com/content/54175035r2j01632/abstract/},
	doi = {10.1007/s10546-012-9757-y},
	urldate = {2012-10-04},
	journal = {Boundary-Layer Meteorology},
	author = {Wu, Yu-Ting and Porté-Agel, Fernando},
	keywords = {Earth and Environmental Science},
	pages = {1--25}
},

@inproceedings{churchfield_wind_2010,
	title = {Wind Energy-Related Atmospheric Boundary Layer Large-Eddy Simulation Using {OpenFOAM:} Preprint},
	shorttitle = {Wind Energy-Related Atmospheric Boundary Layer Large-Eddy Simulation Using {OpenFOAM}},
	url = {http://www.osti.gov/bridge/servlets/purl/984992-YrBnN9/},
	author = {Churchfield, M. J and Vijayakumar, G. and Brasseur, J. G and Moriarty, P. J},
	month = aug,
	year = {2010}
}

@online{OpenFOAM,
   title = "OpenFOAM - The Open Source Computational Fluid Dynamics (CFD) Toolbox",
   month = Dec,
   year = {2012},
   url = "http://openfoam.com"
}

@online{SOWFA,
   title = "SOWFA - Simulator for Offshore Wind Farm Applications",
   month = Dec,
   year = 2012,
   url = "http://wind.nrel.gov/designcodes/simulators/sowfa"
}

@online{Voith,
   title = "Voith - Tidal Current Power Stations",
   month = Dec,
   year = 2012,
   url = "http://www.voith.com/en/products-services/hydro-power/ocean-energies/tidal-current-power-stations--591.html"
}
@article{wharton_assessing_2011,
	title = {Assessing atmospheric stability and its impacts on rotordisk wind characteristics at an onshore wind farm},
	journal = {Wind Energy},
	author = {Wharton, Sonia and Lundquist, Julie K},
	month = jul,
	year = {2011},
	keywords = {planetary boundary layer, stability, turbulence intensity, wind energy, wind shear}
},

@article{wharton_atmospheric_2012,
	title = {Atmospheric stability affects wind turbine power collection},
	volume = {7},
	issn = {1748-9326},
	url = {http://iopscience.iop.org/1748-9326/7/1/014005},
	doi = {10.1088/1748-9326/7/1/014005},
	number = {1},
	urldate = {2012-04-04},
	journal = {Environmental Research Letters},
	author = {Wharton, Sonia and Lundquist, Julie K},
	month = mar,
	year = {2012},
	pages = {014005}
}
@inproceedings{kelley_impact_2005,
	title = {Impact of Coherent Turbulence on Wind Turbine Aeroelastic Response and Its Simulation: Preprint},
	shorttitle = {Impact of Coherent Turbulence on Wind Turbine Aeroelastic Response and Its Simulation},
	url = {http://www.osti.gov/bridge/servlets/purl/15020042-2o8r7D/},
	author = {Kelley, N. D and Jonkman, B. J and Scott, G. N and Bialasiewicz, J. T and Redmond, L. S},
	month = aug,
	year = {2005}
}
